<record><leader>00000cas a22000007a 4500</leader><controlfield tag="001">14125085</controlfield><controlfield tag="008">860822d19071980pauwr ne      0    0eng d</controlfield><datafield ind1=" " ind2=" " tag="010"><subfield code="a">sn 86081754 </subfield></datafield><datafield ind1=" " ind2=" " tag="040"><subfield code="a">NPH</subfield><subfield code="b">eng</subfield><subfield code="c">NPH</subfield><subfield code="d">NVF</subfield><subfield code="d">OCLCQ</subfield></datafield><datafield ind1=" " ind2=" " tag="042"><subfield code="a">msc</subfield></datafield><datafield ind1="0" ind2=" " tag="130"><subfield code="a">Grit (Pennsylvania ed.)</subfield></datafield><datafield ind1="1" ind2="0" tag="245"><subfield code="a">Grit.</subfield></datafield><datafield ind1=" " ind2=" " tag="250"><subfield code="a">Pennsylvania ed.</subfield></datafield><datafield ind1=" " ind2=" " tag="260"><subfield code="a">Williamsport, Pa. :</subfield><subfield code="b">Grit Pub. Co.,</subfield><subfield code="c">1907-1980.</subfield></datafield><datafield ind1=" " ind2=" " tag="300"><subfield code="a">73 v. :</subfield><subfield code="b">ill.</subfield></datafield><datafield ind1=" " ind2=" " tag="310"><subfield code="a">Weekly</subfield></datafield><datafield ind1="0" ind2=" " tag="362"><subfield code="a">Nov. 24, 1907-Dec. 28, 1980.</subfield></datafield><datafield ind1=" " ind2=" " tag="515"><subfield code="a">Issues for Nov. 24, 1907- called also v. 25, no. 52-</subfield></datafield><datafield ind1=" " ind2=" " tag="580"><subfield code="a">Issued also in national and Williamsport editions.</subfield></datafield><datafield ind1=" " ind2=" " tag="752"><subfield code="a">United States</subfield><subfield code="b">Pennsylvania</subfield><subfield code="c">Lycoming</subfield><subfield code="d">Williamsport.</subfield></datafield><datafield ind1="1" ind2=" " tag="775"><subfield code="t">Grit (Williamsport, Pa. : National ed.)</subfield><subfield code="w">(DLC)sn 78001330</subfield></datafield><datafield ind1="1" ind2=" " tag="775"><subfield code="t">Grit (Williamsport ed.)</subfield><subfield code="w">(DLC)sn 86081755</subfield></datafield><datafield ind1="0" ind2="1" tag="780"><subfield code="t">Pennsylvania grit</subfield><subfield code="w">(DLC)sn 86081759</subfield></datafield><datafield ind1="0" ind2="7" tag="785"><subfield code="t">Grit (Williamsport ed.)</subfield><subfield code="w">(DLC)sn 86081755</subfield></datafield><datafield ind1="0" ind2="7" tag="785"><subfield code="t">Grit (Regional ed.)</subfield><subfield code="w">(DLC)sn 86081756</subfield></datafield></record>